<?xml version="1.0" encoding="UTF-8"?><collection xmlns="http://www.loc.gov/MARC21/slim"><record><leader>00385nam--2200121-i-4500</leader><controlfield tag="001">000019942</controlfield><controlfield tag="002">20161230</controlfield><controlfield tag="005">20161230201033</controlfield><controlfield tag="008">060222s1000------------r-----000-0-eng-d</controlfield><datafield ind1=" " ind2=" " tag="080"><subfield code="a">55.34(73)</subfield></datafield><datafield ind1=" " ind2=" " tag="245"><subfield code="a">Earthquake investigations in california. 1934-1935. special publication no.201</subfield></datafield><datafield ind1=" " ind2=" " tag="260"><subfield code="a">Washington, Departament Of Commerce, Coast And Geodetic Survey, 1936.  231 P</subfield></datafield><datafield ind1=" " ind2=" " tag="852"><subfield code="a">47663</subfield></datafield></record></collection>